%==Ref1
@article{Hirt1974,
      author = "Hirt, CW and Amsden, AA and Cook, JL",
       title = "An arbitrary {L}agrangian-{E}ulerian computing method for all flow speeds",
        year = "1974",
     journal = "J {C}omput {P}hys",
      volume = "14",
      number = "3",
       pages = "227--253"
}
